@article{olson2004primer,
  title={A primer on odometry and motor control},
  author={Olson, Edwin},
  journal={Electronic Group Discuss},
  volume={12},
  year={2004}
}

@book{quigley2015programming,
  title={Programming Robots with ROS: a practical introduction to the Robot Operating System},
  author={Quigley, Morgan and Gerkey, Brian and Smart, William D},
  year={2015},
  publisher={" O'Reilly Media, Inc."}
}

@misc{website:tesla,
      author = {{Tesla Deutschland}},
      title = {{Model} {S Plaid}},
      howpublished = {\url{http://www.tesla.com/de_de/models}},
      note = {abgerufen: 26.11.2022}
}

@misc{website:dresden,
      author = "TU {Dresden}",
      title = "{ODOMETRIE}",
      howpublished = { \url{https://robolab.inf.tu-dresden.de/spring/task/odometry/}},
      note         = {abgerufen: 26.11.2022},
}

@misc{website:volksbot,
      author = {Fraunhofer {Institut IAIS}},
      title = {{Volksbot}},
      howpublished = {\url{https://www.volksbot.de/rt3-de.php}},
      note = {abgerufen: 24.11.2022}
}